@misc{ChrisBeamsGitCommit,
	title = {How To Write a Good Commit Message},
	howpublished = {\url{http://chris.beams.io/posts/git-commit/}},
	note = {Accessed: 2015-10-15}
}
@misc{GHErlangOTPWikiWGCM,
	title = {Erlang OTP Wiki - Writing Good Commit Messages},
	howpublished = {\url{https://github.com/erlang/otp/wiki/Writing-good-commit-messages}},
	note = {Accessed: 2015-10-15}
}
@misc{WikiRepo,
	title = {Repository (Version Control Systems)},
	howpublished = {\url{https://en.wikipedia.org/wiki/Repository_(version_control)}},
	note = {Accessed: 2015-10-15}
}
@misc{XKCDGitCommit,
	title = {XKCD: Git Commit},
	howpublished = {\url{http://xkcd.com/1296/}},
	note = {Accessed: 2015-10-15}
}
@misc{ManGitEveryday,
	title = {\texttt{man giteveryday(7)}},
	howpublished = {\url{https://www.kernel.org/pub/software/scm/git/docs/giteveryday.html}},
	note = {Accessed: 2016-01-14}
}
@misc{ManGitCoreTutorial,
	title = {\texttt{man gitcore-tutorial(7)}},
	howpublished = {\url{https://www.kernel.org/pub/sofeverydaytware/scm/git/docs/gitcore-tutorial.html}},
	note = {Accessed: 2016-01-14}
}
@misc{GitBookGitBranching,
	title = {Git Branching - Branches in a Nutshell},
	howpublished = {\url{http://git-scm.com/book/en/v2/Git-Branching-Branches-in-a-Nutshell}},
	note = {Accessed: 2016-01-14}
}
@misc{GithubTryGit,
	title = {Try Git},
	howpublished = {\url{https://try.github.io}},
	note = {Accessed: 2016-01-14}
}
