@misc{ChrisBeamsGitCommit,
	title = {How To Write a Good Commit Message},
	howpublished = {\url{http://chris.beams.io/posts/git-commit/}},
	note = {Accessed: 2015-10-15}
}
@misc{GHErlangOTPWikiWGCM,
	title = {Erlang OTP Wiki - Writing Good Commit Messages},
	howpublished = {\url{https://github.com/erlang/otp/wiki/Writing-good-commit-messages}},
	note = {Accessed: 2015-10-15}
}
@misc{WikiRepo,
	title = {Repository (Version Control Systems)},
	howpublished = {\url{https://en.wikipedia.org/wiki/Repository_(version_control)}},
	note = {Accessed: 2015-10-15}
}
@misc{XKCDGitCommit,
	title = {XKCD: Git Commit},
	howpublished = {\url{http://xkcd.com/1296/}},
	note = {Accessed: 2015-10-15}
}
